<?xml version="1.0" encoding="UTF-8"?><collection xmlns="http://www.loc.gov/MARC21/slim"><record><leader>00376nam--2200133-i-4500</leader><controlfield tag="001">000014111</controlfield><controlfield tag="002">20161230</controlfield><controlfield tag="005">20161230201030</controlfield><controlfield tag="008">060222s1000------------r-----000-0-eng-d</controlfield><datafield ind1=" " ind2=" " tag="080"><subfield code="a">548.5(043)</subfield></datafield><datafield ind1=" " ind2=" " tag="100"><subfield code="a">Chevallier, Jacques</subfield></datafield><datafield ind1=" " ind2=" " tag="245"><subfield code="a">Elaboration et caracterisation des alliages te rnaires gaxin1-xp.these</subfield></datafield><datafield ind1=" " ind2=" " tag="260"><subfield code="a">Paris, Universite De Paris, 1975. 89 P</subfield></datafield><datafield ind1=" " ind2=" " tag="852"><subfield code="a">49805</subfield></datafield></record></collection>